%YAML 1.1
%TAG !u! tag:unity3d.com,2011:
--- !u!1 &1115626731594684
GameObject:
  m_ObjectHideFlags: 0
  m_CorrespondingSourceObject: {fileID: 0}
  m_PrefabInstance: {fileID: 0}
  m_PrefabAsset: {fileID: 0}
  serializedVersion: 6
  m_Component:
  - component: {fileID: 4833572547034906}
  - component: {fileID: 33399140844874512}
  - component: {fileID: 65981362441768046}
  - component: {fileID: 23180257728281988}
  m_Layer: 0
  m_Name: Bowed
  m_TagString: Untagged
  m_Icon: {fileID: 0}
  m_NavMeshLayer: 0
  m_StaticEditorFlags: 0
  m_IsActive: 1
--- !u!4 &4833572547034906
Transform:
  m_ObjectHideFlags: 0
  m_CorrespondingSourceObject: {fileID: 0}
  m_PrefabInstance: {fileID: 0}
  m_PrefabAsset: {fileID: 0}
  m_GameObject: {fileID: 1115626731594684}
  m_LocalRotation: {x: 0, y: 0, z: 0, w: 1}
  m_LocalPosition: {x: 0, y: 0, z: 0}
  m_LocalScale: {x: 0.03, y: 0.35, z: 0.02}
  m_Children:
  - {fileID: 4105894319736148}
  - {fileID: 4605559325646976}
  m_Father: {fileID: 4852918319373674}
  m_RootOrder: 0
  m_LocalEulerAnglesHint: {x: 0, y: 0, z: 0}
--- !u!33 &33399140844874512
MeshFilter:
  m_ObjectHideFlags: 0
  m_CorrespondingSourceObject: {fileID: 0}
  m_PrefabInstance: {fileID: 0}
  m_PrefabAsset: {fileID: 0}
  m_GameObject: {fileID: 1115626731594684}
  m_Mesh: {fileID: 10202, guid: 0000000000000000e000000000000000, type: 0}
--- !u!65 &65981362441768046
BoxCollider:
  m_ObjectHideFlags: 0
  m_CorrespondingSourceObject: {fileID: 0}
  m_PrefabInstance: {fileID: 0}
  m_PrefabAsset: {fileID: 0}
  m_GameObject: {fileID: 1115626731594684}
  m_Material: {fileID: 0}
  m_IsTrigger: 0
  m_Enabled: 0
  serializedVersion: 2
  m_Size: {x: 1, y: 1, z: 1}
  m_Center: {x: 0, y: 0, z: 0}
--- !u!23 &23180257728281988
MeshRenderer:
  m_ObjectHideFlags: 0
  m_CorrespondingSourceObject: {fileID: 0}
  m_PrefabInstance: {fileID: 0}
  m_PrefabAsset: {fileID: 0}
  m_GameObject: {fileID: 1115626731594684}
  m_Enabled: 1
  m_CastShadows: 1
  m_ReceiveShadows: 1
  m_DynamicOccludee: 1
  m_MotionVectors: 1
  m_LightProbeUsage: 1
  m_ReflectionProbeUsage: 1
  m_RayTracingMode: 2
  m_RenderingLayerMask: 1
  m_RendererPriority: 0
  m_Materials:
  - {fileID: 2100000, guid: 621aa4ca84cd6824088baa431f636df5, type: 2}
  m_StaticBatchInfo:
    firstSubMesh: 0
    subMeshCount: 0
  m_StaticBatchRoot: {fileID: 0}
  m_ProbeAnchor: {fileID: 0}
  m_LightProbeVolumeOverride: {fileID: 0}
  m_ScaleInLightmap: 1
  m_ReceiveGI: 1
  m_PreserveUVs: 1
  m_IgnoreNormalsForChartDetection: 0
  m_ImportantGI: 0
  m_StitchLightmapSeams: 1
  m_SelectedEditorRenderState: 3
  m_MinimumChartSize: 4
  m_AutoUVMaxDistance: 0.5
  m_AutoUVMaxAngle: 89
  m_LightmapParameters: {fileID: 0}
  m_SortingLayerID: 0
  m_SortingLayer: 0
  m_SortingOrder: 0
--- !u!1 &1124015861010114
GameObject:
  m_ObjectHideFlags: 0
  m_CorrespondingSourceObject: {fileID: 0}
  m_PrefabInstance: {fileID: 0}
  m_PrefabAsset: {fileID: 0}
  serializedVersion: 6
  m_Component:
  - component: {fileID: 4944101535149126}
  - component: {fileID: 33633295903702248}
  - component: {fileID: 65283988173930038}
  - component: {fileID: 23164143488586634}
  m_Layer: 0
  m_Name: Stand
  m_TagString: Untagged
  m_Icon: {fileID: 0}
  m_NavMeshLayer: 0
  m_StaticEditorFlags: 0
  m_IsActive: 1
--- !u!4 &4944101535149126
Transform:
  m_ObjectHideFlags: 0
  m_CorrespondingSourceObject: {fileID: 0}
  m_PrefabInstance: {fileID: 0}
  m_PrefabAsset: {fileID: 0}
  m_GameObject: {fileID: 1124015861010114}
  m_LocalRotation: {x: 0, y: 0, z: 0, w: 1}
  m_LocalPosition: {x: 0, y: -0.1533, z: 0}
  m_LocalScale: {x: 0.1, y: 0.02, z: 0.1}
  m_Children: []
  m_Father: {fileID: 4852918319373674}
  m_RootOrder: 2
  m_LocalEulerAnglesHint: {x: 0, y: 0, z: 0}
--- !u!33 &33633295903702248
MeshFilter:
  m_ObjectHideFlags: 0
  m_CorrespondingSourceObject: {fileID: 0}
  m_PrefabInstance: {fileID: 0}
  m_PrefabAsset: {fileID: 0}
  m_GameObject: {fileID: 1124015861010114}
  m_Mesh: {fileID: 10202, guid: 0000000000000000e000000000000000, type: 0}
--- !u!65 &65283988173930038
BoxCollider:
  m_ObjectHideFlags: 0
  m_CorrespondingSourceObject: {fileID: 0}
  m_PrefabInstance: {fileID: 0}
  m_PrefabAsset: {fileID: 0}
  m_GameObject: {fileID: 1124015861010114}
  m_Material: {fileID: 0}
  m_IsTrigger: 0
  m_Enabled: 1
  serializedVersion: 2
  m_Size: {x: 1, y: 1, z: 1}
  m_Center: {x: 0, y: 0, z: 0}
--- !u!23 &23164143488586634
MeshRenderer:
  m_ObjectHideFlags: 0
  m_CorrespondingSourceObject: {fileID: 0}
  m_PrefabInstance: {fileID: 0}
  m_PrefabAsset: {fileID: 0}
  m_GameObject: {fileID: 1124015861010114}
  m_Enabled: 1
  m_CastShadows: 1
  m_ReceiveShadows: 1
  m_DynamicOccludee: 1
  m_MotionVectors: 1
  m_LightProbeUsage: 1
  m_ReflectionProbeUsage: 1
  m_RayTracingMode: 2
  m_RenderingLayerMask: 1
  m_RendererPriority: 0
  m_Materials:
  - {fileID: 10303, guid: 0000000000000000f000000000000000, type: 0}
  m_StaticBatchInfo:
    firstSubMesh: 0
    subMeshCount: 0
  m_StaticBatchRoot: {fileID: 0}
  m_ProbeAnchor: {fileID: 0}
  m_LightProbeVolumeOverride: {fileID: 0}
  m_ScaleInLightmap: 1
  m_ReceiveGI: 1
  m_PreserveUVs: 1
  m_IgnoreNormalsForChartDetection: 0
  m_ImportantGI: 0
  m_StitchLightmapSeams: 1
  m_SelectedEditorRenderState: 3
  m_MinimumChartSize: 4
  m_AutoUVMaxDistance: 0.5
  m_AutoUVMaxAngle: 89
  m_LightmapParameters: {fileID: 0}
  m_SortingLayerID: 0
  m_SortingLayer: 0
  m_SortingOrder: 0
--- !u!1 &1152503811935382
GameObject:
  m_ObjectHideFlags: 0
  m_CorrespondingSourceObject: {fileID: 0}
  m_PrefabInstance: {fileID: 0}
  m_PrefabAsset: {fileID: 0}
  serializedVersion: 6
  m_Component:
  - component: {fileID: 4605559325646976}
  - component: {fileID: 33266135914506042}
  - component: {fileID: 65726971696726180}
  - component: {fileID: 23325368558077282}
  m_Layer: 0
  m_Name: Cube (1)
  m_TagString: Untagged
  m_Icon: {fileID: 0}
  m_NavMeshLayer: 0
  m_StaticEditorFlags: 0
  m_IsActive: 1
--- !u!4 &4605559325646976
Transform:
  m_ObjectHideFlags: 0
  m_CorrespondingSourceObject: {fileID: 0}
  m_PrefabInstance: {fileID: 0}
  m_PrefabAsset: {fileID: 0}
  m_GameObject: {fileID: 1152503811935382}
  m_LocalRotation: {x: -0, y: -0, z: -0, w: 1}
  m_LocalPosition: {x: 0, y: -0.275, z: 0}
  m_LocalScale: {x: 1, y: 0.45, z: 1}
  m_Children: []
  m_Father: {fileID: 4833572547034906}
  m_RootOrder: 1
  m_LocalEulerAnglesHint: {x: 0, y: 0, z: 0}
--- !u!33 &33266135914506042
MeshFilter:
  m_ObjectHideFlags: 0
  m_CorrespondingSourceObject: {fileID: 0}
  m_PrefabInstance: {fileID: 0}
  m_PrefabAsset: {fileID: 0}
  m_GameObject: {fileID: 1152503811935382}
  m_Mesh: {fileID: 10202, guid: 0000000000000000e000000000000000, type: 0}
--- !u!65 &65726971696726180
BoxCollider:
  m_ObjectHideFlags: 0
  m_CorrespondingSourceObject: {fileID: 0}
  m_PrefabInstance: {fileID: 0}
  m_PrefabAsset: {fileID: 0}
  m_GameObject: {fileID: 1152503811935382}
  m_Material: {fileID: 0}
  m_IsTrigger: 0
  m_Enabled: 1
  serializedVersion: 2
  m_Size: {x: 1, y: 1, z: 1}
  m_Center: {x: 0, y: 0, z: 0}
--- !u!23 &23325368558077282
MeshRenderer:
  m_ObjectHideFlags: 0
  m_CorrespondingSourceObject: {fileID: 0}
  m_PrefabInstance: {fileID: 0}
  m_PrefabAsset: {fileID: 0}
  m_GameObject: {fileID: 1152503811935382}
  m_Enabled: 0
  m_CastShadows: 1
  m_ReceiveShadows: 1
  m_DynamicOccludee: 1
  m_MotionVectors: 1
  m_LightProbeUsage: 1
  m_ReflectionProbeUsage: 1
  m_RayTracingMode: 2
  m_RenderingLayerMask: 1
  m_RendererPriority: 0
  m_Materials:
  - {fileID: 10303, guid: 0000000000000000f000000000000000, type: 0}
  m_StaticBatchInfo:
    firstSubMesh: 0
    subMeshCount: 0
  m_StaticBatchRoot: {fileID: 0}
  m_ProbeAnchor: {fileID: 0}
  m_LightProbeVolumeOverride: {fileID: 0}
  m_ScaleInLightmap: 1
  m_ReceiveGI: 1
  m_PreserveUVs: 1
  m_IgnoreNormalsForChartDetection: 0
  m_ImportantGI: 0
  m_StitchLightmapSeams: 1
  m_SelectedEditorRenderState: 3
  m_MinimumChartSize: 4
  m_AutoUVMaxDistance: 0.5
  m_AutoUVMaxAngle: 89
  m_LightmapParameters: {fileID: 0}
  m_SortingLayerID: 0
  m_SortingLayer: 0
  m_SortingOrder: 0
--- !u!1 &1310403438921232
GameObject:
  m_ObjectHideFlags: 0
  m_CorrespondingSourceObject: {fileID: 0}
  m_PrefabInstance: {fileID: 0}
  m_PrefabAsset: {fileID: 0}
  serializedVersion: 6
  m_Component:
  - component: {fileID: 4811493549816748}
  - component: {fileID: 33238178020376104}
  - component: {fileID: 65298611192063772}
  - component: {fileID: 23706156851104840}
  m_Layer: 0
  m_Name: Cube
  m_TagString: Untagged
  m_Icon: {fileID: 0}
  m_NavMeshLayer: 0
  m_StaticEditorFlags: 0
  m_IsActive: 1
--- !u!4 &4811493549816748
Transform:
  m_ObjectHideFlags: 0
  m_CorrespondingSourceObject: {fileID: 0}
  m_PrefabInstance: {fileID: 0}
  m_PrefabAsset: {fileID: 0}
  m_GameObject: {fileID: 1310403438921232}
  m_LocalRotation: {x: 0, y: 0, z: 0, w: 1}
  m_LocalPosition: {x: 0, y: 0, z: 0}
  m_LocalScale: {x: 0.04, y: 0.04, z: 0.02}
  m_Children: []
  m_Father: {fileID: 4157690488725954}
  m_RootOrder: 0
  m_LocalEulerAnglesHint: {x: 0, y: 0, z: 0}
--- !u!33 &33238178020376104
MeshFilter:
  m_ObjectHideFlags: 0
  m_CorrespondingSourceObject: {fileID: 0}
  m_PrefabInstance: {fileID: 0}
  m_PrefabAsset: {fileID: 0}
  m_GameObject: {fileID: 1310403438921232}
  m_Mesh: {fileID: 10202, guid: 0000000000000000e000000000000000, type: 0}
--- !u!65 &65298611192063772
BoxCollider:
  m_ObjectHideFlags: 0
  m_CorrespondingSourceObject: {fileID: 0}
  m_PrefabInstance: {fileID: 0}
  m_PrefabAsset: {fileID: 0}
  m_GameObject: {fileID: 1310403438921232}
  m_Material: {fileID: 0}
  m_IsTrigger: 1
  m_Enabled: 1
  serializedVersion: 2
  m_Size: {x: 1, y: 1, z: 1}
  m_Center: {x: 0, y: 0, z: 0}
--- !u!23 &23706156851104840
MeshRenderer:
  m_ObjectHideFlags: 0
  m_CorrespondingSourceObject: {fileID: 0}
  m_PrefabInstance: {fileID: 0}
  m_PrefabAsset: {fileID: 0}
  m_GameObject: {fileID: 1310403438921232}
  m_Enabled: 1
  m_CastShadows: 1
  m_ReceiveShadows: 1
  m_DynamicOccludee: 1
  m_MotionVectors: 1
  m_LightProbeUsage: 1
  m_ReflectionProbeUsage: 1
  m_RayTracingMode: 2
  m_RenderingLayerMask: 1
  m_RendererPriority: 0
  m_Materials:
  - {fileID: 2100000, guid: 6cbba3a789d43564e8ab97b29489a06f, type: 2}
  m_StaticBatchInfo:
    firstSubMesh: 0
    subMeshCount: 0
  m_StaticBatchRoot: {fileID: 0}
  m_ProbeAnchor: {fileID: 0}
  m_LightProbeVolumeOverride: {fileID: 0}
  m_ScaleInLightmap: 1
  m_ReceiveGI: 1
  m_PreserveUVs: 1
  m_IgnoreNormalsForChartDetection: 0
  m_ImportantGI: 0
  m_StitchLightmapSeams: 1
  m_SelectedEditorRenderState: 3
  m_MinimumChartSize: 4
  m_AutoUVMaxDistance: 0.5
  m_AutoUVMaxAngle: 89
  m_LightmapParameters: {fileID: 0}
  m_SortingLayerID: 0
  m_SortingLayer: 0
  m_SortingOrder: 0
--- !u!1 &1835958257465618
GameObject:
  m_ObjectHideFlags: 0
  m_CorrespondingSourceObject: {fileID: 0}
  m_PrefabInstance: {fileID: 0}
  m_PrefabAsset: {fileID: 0}
  serializedVersion: 6
  m_Component:
  - component: {fileID: 4157690488725954}
  - component: {fileID: 54671742276062588}
  - component: {fileID: 114354773039089316}
  - component: {fileID: 114071264637701978}
  m_Layer: 0
  m_Name: Socket
  m_TagString: Untagged
  m_Icon: {fileID: 0}
  m_NavMeshLayer: 0
  m_StaticEditorFlags: 0
  m_IsActive: 1
--- !u!4 &4157690488725954
Transform:
  m_ObjectHideFlags: 0
  m_CorrespondingSourceObject: {fileID: 0}
  m_PrefabInstance: {fileID: 0}
  m_PrefabAsset: {fileID: 0}
  m_GameObject: {fileID: 1835958257465618}
  m_LocalRotation: {x: 0, y: 0, z: 0, w: 1}
  m_LocalPosition: {x: 0, y: 0, z: -0.0554}
  m_LocalScale: {x: 1, y: 1, z: 1}
  m_Children:
  - {fileID: 4811493549816748}
  - {fileID: 4053039429782280}
  m_Father: {fileID: 4852918319373674}
  m_RootOrder: 1
  m_LocalEulerAnglesHint: {x: 0, y: 0, z: 0}
--- !u!54 &54671742276062588
Rigidbody:
  m_ObjectHideFlags: 0
  m_CorrespondingSourceObject: {fileID: 0}
  m_PrefabInstance: {fileID: 0}
  m_PrefabAsset: {fileID: 0}
  m_GameObject: {fileID: 1835958257465618}
  serializedVersion: 2
  m_Mass: 1
  m_Drag: 0
  m_AngularDrag: 0.05
  m_UseGravity: 0
  m_IsKinematic: 1
  m_Interpolate: 0
  m_Constraints: 0
  m_CollisionDetection: 0
--- !u!114 &114354773039089316
MonoBehaviour:
  m_ObjectHideFlags: 0
  m_CorrespondingSourceObject: {fileID: 0}
  m_PrefabInstance: {fileID: 0}
  m_PrefabAsset: {fileID: 0}
  m_GameObject: {fileID: 1835958257465618}
  m_Enabled: 1
  m_EditorHideFlags: 0
  m_Script: {fileID: 11500000, guid: 082ce790f02440146a32e1b7a75b3d0c, type: 3}
  m_Name: 
  m_EditorClassIdentifier: 
  parent: {fileID: 4852918319373674}
  limitX: 1
  limitY: 1
  limitZ: 1
  basePosition: {x: 0, y: 0, z: -0.0554}
  minLocalPosition: {x: 0, y: 0, z: -0.15}
  maxLocalPosition: {x: 0, y: 0, z: 0}
  baseRotation: {x: 0, y: 0, z: 0, w: 1}
  limitAngle: 1
  maxLocalAngle: 0
  limitAngleAxis: {x: 0, y: 1, z: 0}
  gameObjectEvent:
    id: 0
    label: GameObject Event
    tooltip: Call functions based on the GameObject life cycle
    eventTypeLabels: []
    fromEventLabel: 
    fromEventLabelBool: 
    events: []
  xSliderEvents:
    id: 1
    label: X Axis
    tooltip: 'Call function using the X axis range value

      Parameter: the range
      along the X axis (-1..1)'
    eventTypeLabels:
    - Never
    - On Min
    - On Max
    - While Min
    - While Max
    - On Change
    - Continuous
    fromEventLabel: 
    fromEventLabelBool: 
    events: []
  ySliderEvents:
    id: 2
    label: Y Axis
    tooltip: 'Call function using the Y axis range value

      Parameter: the range
      along the Y axis (-1..1)'
    eventTypeLabels:
    - Never
    - On Min
    - On Max
    - While Min
    - While Max
    - On Change
    - Continuous
    fromEventLabel: 
    fromEventLabelBool: 
    events: []
  zSliderEvents:
    id: 3
    label: Z Axis
    tooltip: 'Call function using the Z axis range value

      Parameter: the range
      along the Z axis (-1..1)'
    eventTypeLabels:
    - Never
    - On Min
    - On Max
    - While Min
    - While Max
    - On Change
    - Continuous
    fromEventLabel: 
    fromEventLabelBool: 
    events: []
  angleEvents:
    id: 4
    label: Angle
    tooltip: 
    eventTypeLabels:
    - Never
    - On Min
    - On Max
    - While Min
    - While Max
    - On Change
    - Continuous
    fromEventLabel: 
    fromEventLabelBool: 
    events: []
--- !u!114 &114071264637701978
MonoBehaviour:
  m_ObjectHideFlags: 0
  m_CorrespondingSourceObject: {fileID: 0}
  m_PrefabInstance: {fileID: 0}
  m_PrefabAsset: {fileID: 0}
  m_GameObject: {fileID: 1835958257465618}
  m_Enabled: 1
  m_EditorHideFlags: 0
  m_Script: {fileID: 11500000, guid: 420729d57aa3e734982a265b400401d5, type: 3}
  m_Name: 
  m_EditorClassIdentifier: 
  attachedTransform: {fileID: 0}
  attachedHandle: {fileID: 0}
  socketTag: 
  attachEvent:
    id: 0
    label: Hold Event
    tooltip: 'Call functions using what the socket is holding

      Parameter: the
      GameObject held by the socket'
    eventTypeLabels:
    - Never
    - On Attach
    - On Release
    - While Attached
    - While Released
    - When Changed
    - Always
    fromEventLabel: 
    fromEventLabelBool: 
    events: []
--- !u!1 &1862911618823486
GameObject:
  m_ObjectHideFlags: 0
  m_CorrespondingSourceObject: {fileID: 0}
  m_PrefabInstance: {fileID: 0}
  m_PrefabAsset: {fileID: 0}
  serializedVersion: 6
  m_Component:
  - component: {fileID: 4053039429782280}
  - component: {fileID: 114265545685762174}
  m_Layer: 0
  m_Name: Handle
  m_TagString: Untagged
  m_Icon: {fileID: 0}
  m_NavMeshLayer: 0
  m_StaticEditorFlags: 0
  m_IsActive: 1
--- !u!4 &4053039429782280
Transform:
  m_ObjectHideFlags: 0
  m_CorrespondingSourceObject: {fileID: 0}
  m_PrefabInstance: {fileID: 0}
  m_PrefabAsset: {fileID: 0}
  m_GameObject: {fileID: 1862911618823486}
  m_LocalRotation: {x: 0, y: 0, z: 0, w: 1}
  m_LocalPosition: {x: 0, y: 0, z: -0.02}
  m_LocalScale: {x: 1, y: 1, z: 1}
  m_Children: []
  m_Father: {fileID: 4157690488725954}
  m_RootOrder: 1
  m_LocalEulerAnglesHint: {x: 0, y: 0, z: 0}
--- !u!114 &114265545685762174
MonoBehaviour:
  m_ObjectHideFlags: 0
  m_CorrespondingSourceObject: {fileID: 0}
  m_PrefabInstance: {fileID: 0}
  m_PrefabAsset: {fileID: 0}
  m_GameObject: {fileID: 1862911618823486}
  m_Enabled: 1
  m_EditorHideFlags: 0
  m_Script: {fileID: 11500000, guid: e27c61780f506f84282a32ce63522c75, type: 3}
  m_Name: 
  m_EditorClassIdentifier: 
  grabType: 0
  range: 0.2
  inputEvents:
  - id: 0
    label: Vertical
    tooltip: 
    eventTypeLabels:
    - Never
    - On Press
    - On Release
    - While Down
    - While Up
    - On Change
    - Continuous
    fromEventLabel: 
    fromEventLabelBool: 
    events: []
    defaultParameterProperty: 
  - id: 1
    label: Horizontal
    tooltip: 
    eventTypeLabels:
    - Never
    - On Press
    - On Release
    - While Down
    - While Up
    - On Change
    - Continuous
    fromEventLabel: 
    fromEventLabelBool: 
    events: []
    defaultParameterProperty: 
  - id: 2
    label: Stick Button
    tooltip: 
    eventTypeLabels:
    - Never
    - On Press
    - On Release
    - While Down
    - While Up
    - On Change
    - Continuous
    fromEventLabel: 
    fromEventLabelBool: 
    events: []
    defaultParameterProperty: 
  - id: 3
    label: Button 1
    tooltip: 
    eventTypeLabels:
    - Never
    - On Press
    - On Release
    - While Down
    - While Up
    - On Change
    - Continuous
    fromEventLabel: 
    fromEventLabelBool: 
    events: []
    defaultParameterProperty: 
  - id: 4
    label: Button 2
    tooltip: 
    eventTypeLabels:
    - Never
    - On Press
    - On Release
    - While Down
    - While Up
    - On Change
    - Continuous
    fromEventLabel: 
    fromEventLabelBool: 
    events: []
    defaultParameterProperty: 
  - id: 5
    label: Button 3
    tooltip: 
    eventTypeLabels:
    - Never
    - On Press
    - On Release
    - While Down
    - While Up
    - On Change
    - Continuous
    fromEventLabel: 
    fromEventLabelBool: 
    events: []
    defaultParameterProperty: 
  - id: 6
    label: Button 4
    tooltip: 
    eventTypeLabels:
    - Never
    - On Press
    - On Release
    - While Down
    - While Up
    - On Change
    - Continuous
    fromEventLabel: 
    fromEventLabelBool: 
    events: []
    defaultParameterProperty: 
  - id: 7
    label: Trigger 1
    tooltip: 
    eventTypeLabels:
    - Never
    - On Press
    - On Release
    - While Down
    - While Up
    - On Change
    - Continuous
    fromEventLabel: 
    fromEventLabelBool: 
    events: []
    defaultParameterProperty: 
  - id: 8
    label: Trigger 2
    tooltip: 
    eventTypeLabels:
    - Never
    - On Press
    - On Release
    - While Down
    - While Up
    - On Change
    - Continuous
    fromEventLabel: 
    fromEventLabelBool: 
    events: []
    defaultParameterProperty: 
  - id: 9
    label: Option
    tooltip: 
    eventTypeLabels:
    - Never
    - On Press
    - On Release
    - While Down
    - While Up
    - On Change
    - Continuous
    fromEventLabel: 
    fromEventLabelBool: 
    events: []
    defaultParameterProperty: 
  socket: {fileID: 0}
  hand: 0
  pose: {fileID: 0}
  handTarget: {fileID: 0}
  isHeld: 0
  grabbedEvent:
    id: 0
    label: Grab Event
    tooltip: 'Call functions using the grabbing status

      Parameter: the grabbed
      object'
    eventTypeLabels:
    - Nothing
    - On Grab Start
    - On Let Go
    - While Holding
    - While Not Holding
    - On Grab Change
    - Always
    fromEventLabel: socket.gameObject
    fromEventLabelBool: Handle.isHeld
    events:
    - eventType: 2
      eventNetworking: 0
      functionCall:
        targetGameObject: {fileID: 0}
        methodName: KinematicLimitations/MoveForward
        parameters:
        - fromEvent: 0
          localProperty: Constant
          type: 1
          floatConstant: 10
          intConstant: 0
          boolConstant: 0
          vector3Constant: {x: 0, y: 0, z: 0}
          gameObjectConstant: {fileID: 0}
          rigidbodyConstant: {fileID: 0}
      initialized: 0
      boolInverse: 0
    - eventType: 2
      eventNetworking: 0
      functionCall:
        targetGameObject: {fileID: 0}
        methodName: Socket/Release
        parameters:
        - fromEvent: 1
          localProperty: 
          type: 0
          floatConstant: 0
          intConstant: 0
          boolConstant: 0
          vector3Constant: {x: 0, y: 0, z: 0}
          gameObjectConstant: {fileID: 0}
          rigidbodyConstant: {fileID: 0}
      initialized: 0
      boolInverse: 0
    - eventType: 2
      eventNetworking: 0
      functionCall:
        targetGameObject: {fileID: 0}
        methodName: InteractionPointer/LaunchRigidbody
        parameters:
        - fromEvent: 0
          localProperty: Constant
          type: 6
          floatConstant: 0
          intConstant: 0
          boolConstant: 0
          vector3Constant: {x: 0, y: 0, z: 0}
          gameObjectConstant: {fileID: 0}
          rigidbodyConstant: {fileID: 0}
      initialized: 0
      boolInverse: 0
    - eventType: 0
      eventNetworking: 0
      functionCall:
        targetGameObject: {fileID: 0}
        methodName: 
        parameters: []
      initialized: 0
      boolInverse: 0
--- !u!1 &1931728047211946
GameObject:
  m_ObjectHideFlags: 0
  m_CorrespondingSourceObject: {fileID: 0}
  m_PrefabInstance: {fileID: 0}
  m_PrefabAsset: {fileID: 0}
  serializedVersion: 6
  m_Component:
  - component: {fileID: 4409961273223844}
  - component: {fileID: 114306677033003520}
  m_Layer: 0
  m_Name: Handle
  m_TagString: Untagged
  m_Icon: {fileID: 0}
  m_NavMeshLayer: 0
  m_StaticEditorFlags: 0
  m_IsActive: 1
--- !u!4 &4409961273223844
Transform:
  m_ObjectHideFlags: 0
  m_CorrespondingSourceObject: {fileID: 0}
  m_PrefabInstance: {fileID: 0}
  m_PrefabAsset: {fileID: 0}
  m_GameObject: {fileID: 1931728047211946}
  m_LocalRotation: {x: 0.12716495, y: 0.25656638, z: -0.03407375, w: 0.9575186}
  m_LocalPosition: {x: 0, y: -0.050750017, z: 0}
  m_LocalScale: {x: 1, y: 1, z: 1}
  m_Children: []
  m_Father: {fileID: 4852918319373674}
  m_RootOrder: 3
  m_LocalEulerAnglesHint: {x: 15.13, y: 30, z: 0}
--- !u!114 &114306677033003520
MonoBehaviour:
  m_ObjectHideFlags: 0
  m_CorrespondingSourceObject: {fileID: 0}
  m_PrefabInstance: {fileID: 0}
  m_PrefabAsset: {fileID: 0}
  m_GameObject: {fileID: 1931728047211946}
  m_Enabled: 1
  m_EditorHideFlags: 0
  m_Script: {fileID: 11500000, guid: e27c61780f506f84282a32ce63522c75, type: 3}
  m_Name: 
  m_EditorClassIdentifier: 
  grabType: 0
  range: 0.2
  inputEvents:
  - id: 0
    label: Vertical
    tooltip: 
    eventTypeLabels:
    - Never
    - On Press
    - On Release
    - While Down
    - While Up
    - On Change
    - Continuous
    fromEventLabel: 
    fromEventLabelBool: 
    events: []
    defaultParameterProperty: 
  - id: 1
    label: Horizontal
    tooltip: 
    eventTypeLabels:
    - Never
    - On Press
    - On Release
    - While Down
    - While Up
    - On Change
    - Continuous
    fromEventLabel: 
    fromEventLabelBool: 
    events: []
    defaultParameterProperty: 
  - id: 2
    label: Stick Button
    tooltip: 
    eventTypeLabels:
    - Never
    - On Press
    - On Release
    - While Down
    - While Up
    - On Change
    - Continuous
    fromEventLabel: 
    fromEventLabelBool: 
    events: []
    defaultParameterProperty: 
  - id: 3
    label: Button 1
    tooltip: 
    eventTypeLabels:
    - Never
    - On Press
    - On Release
    - While Down
    - While Up
    - On Change
    - Continuous
    fromEventLabel: 
    fromEventLabelBool: 
    events: []
    defaultParameterProperty: 
  - id: 4
    label: Button 2
    tooltip: 
    eventTypeLabels:
    - Never
    - On Press
    - On Release
    - While Down
    - While Up
    - On Change
    - Continuous
    fromEventLabel: 
    fromEventLabelBool: 
    events: []
    defaultParameterProperty: 
  - id: 5
    label: Button 3
    tooltip: 
    eventTypeLabels:
    - Never
    - On Press
    - On Release
    - While Down
    - While Up
    - On Change
    - Continuous
    fromEventLabel: 
    fromEventLabelBool: 
    events: []
    defaultParameterProperty: 
  - id: 6
    label: Button 4
    tooltip: 
    eventTypeLabels:
    - Never
    - On Press
    - On Release
    - While Down
    - While Up
    - On Change
    - Continuous
    fromEventLabel: 
    fromEventLabelBool: 
    events: []
    defaultParameterProperty: 
  - id: 7
    label: Trigger 1
    tooltip: 
    eventTypeLabels:
    - Never
    - On Press
    - On Release
    - While Down
    - While Up
    - On Change
    - Continuous
    fromEventLabel: 
    fromEventLabelBool: 
    events: []
    defaultParameterProperty: 
  - id: 8
    label: Trigger 2
    tooltip: 
    eventTypeLabels:
    - Never
    - On Press
    - On Release
    - While Down
    - While Up
    - On Change
    - Continuous
    fromEventLabel: 
    fromEventLabelBool: 
    events: []
    defaultParameterProperty: 
  - id: 9
    label: Option
    tooltip: 
    eventTypeLabels:
    - Never
    - On Press
    - On Release
    - While Down
    - While Up
    - On Change
    - Continuous
    fromEventLabel: 
    fromEventLabelBool: 
    events: []
    defaultParameterProperty: 
  socket: {fileID: 0}
  hand: 0
  pose: {fileID: 0}
  handTarget: {fileID: 0}
  isHeld: 0
  grabbedEvent:
    id: 0
    label: Grab Event
    tooltip: 'Call functions using the grabbing status

      Parameter: the grabbed
      object'
    eventTypeLabels:
    - Nothing
    - On Grab Start
    - On Let Go
    - While Holding
    - While Not Holding
    - On Grab Change
    - Always
    fromEventLabel: socket.gameObject
    fromEventLabelBool: Handle.isHeld
    events: []
--- !u!1 &1933777280164076
GameObject:
  m_ObjectHideFlags: 0
  m_CorrespondingSourceObject: {fileID: 0}
  m_PrefabInstance: {fileID: 0}
  m_PrefabAsset: {fileID: 0}
  serializedVersion: 6
  m_Component:
  - component: {fileID: 4852918319373674}
  - component: {fileID: 54836988712513624}
  m_Layer: 0
  m_Name: Bow
  m_TagString: Untagged
  m_Icon: {fileID: 0}
  m_NavMeshLayer: 0
  m_StaticEditorFlags: 0
  m_IsActive: 1
--- !u!4 &4852918319373674
Transform:
  m_ObjectHideFlags: 0
  m_CorrespondingSourceObject: {fileID: 0}
  m_PrefabInstance: {fileID: 0}
  m_PrefabAsset: {fileID: 0}
  m_GameObject: {fileID: 1933777280164076}
  m_LocalRotation: {x: -0, y: -0, z: -0, w: 1}
  m_LocalPosition: {x: 0, y: 0, z: 0}
  m_LocalScale: {x: 1, y: 1, z: 1}
  m_Children:
  - {fileID: 4833572547034906}
  - {fileID: 4157690488725954}
  - {fileID: 4944101535149126}
  - {fileID: 4409961273223844}
  m_Father: {fileID: 0}
  m_RootOrder: 0
  m_LocalEulerAnglesHint: {x: 0, y: 0, z: 0}
--- !u!54 &54836988712513624
Rigidbody:
  m_ObjectHideFlags: 0
  m_CorrespondingSourceObject: {fileID: 0}
  m_PrefabInstance: {fileID: 0}
  m_PrefabAsset: {fileID: 0}
  m_GameObject: {fileID: 1933777280164076}
  serializedVersion: 2
  m_Mass: 1
  m_Drag: 0
  m_AngularDrag: 0.05
  m_UseGravity: 1
  m_IsKinematic: 0
  m_Interpolate: 0
  m_Constraints: 0
  m_CollisionDetection: 0
--- !u!1 &1975139321903190
GameObject:
  m_ObjectHideFlags: 0
  m_CorrespondingSourceObject: {fileID: 0}
  m_PrefabInstance: {fileID: 0}
  m_PrefabAsset: {fileID: 0}
  serializedVersion: 6
  m_Component:
  - component: {fileID: 4105894319736148}
  - component: {fileID: 33196476865040518}
  - component: {fileID: 65614902570242366}
  - component: {fileID: 23951843685733136}
  m_Layer: 0
  m_Name: Cube
  m_TagString: Untagged
  m_Icon: {fileID: 0}
  m_NavMeshLayer: 0
  m_StaticEditorFlags: 0
  m_IsActive: 1
--- !u!4 &4105894319736148
Transform:
  m_ObjectHideFlags: 0
  m_CorrespondingSourceObject: {fileID: 0}
  m_PrefabInstance: {fileID: 0}
  m_PrefabAsset: {fileID: 0}
  m_GameObject: {fileID: 1975139321903190}
  m_LocalRotation: {x: 0, y: 0, z: 0, w: 1}
  m_LocalPosition: {x: 0, y: 0.275, z: 0}
  m_LocalScale: {x: 1, y: 0.45, z: 1}
  m_Children: []
  m_Father: {fileID: 4833572547034906}
  m_RootOrder: 0
  m_LocalEulerAnglesHint: {x: 0, y: 0, z: 0}
--- !u!33 &33196476865040518
MeshFilter:
  m_ObjectHideFlags: 0
  m_CorrespondingSourceObject: {fileID: 0}
  m_PrefabInstance: {fileID: 0}
  m_PrefabAsset: {fileID: 0}
  m_GameObject: {fileID: 1975139321903190}
  m_Mesh: {fileID: 10202, guid: 0000000000000000e000000000000000, type: 0}
--- !u!65 &65614902570242366
BoxCollider:
  m_ObjectHideFlags: 0
  m_CorrespondingSourceObject: {fileID: 0}
  m_PrefabInstance: {fileID: 0}
  m_PrefabAsset: {fileID: 0}
  m_GameObject: {fileID: 1975139321903190}
  m_Material: {fileID: 0}
  m_IsTrigger: 0
  m_Enabled: 1
  serializedVersion: 2
  m_Size: {x: 1, y: 1, z: 1}
  m_Center: {x: 0, y: 0, z: 0}
--- !u!23 &23951843685733136
MeshRenderer:
  m_ObjectHideFlags: 0
  m_CorrespondingSourceObject: {fileID: 0}
  m_PrefabInstance: {fileID: 0}
  m_PrefabAsset: {fileID: 0}
  m_GameObject: {fileID: 1975139321903190}
  m_Enabled: 0
  m_CastShadows: 1
  m_ReceiveShadows: 1
  m_DynamicOccludee: 1
  m_MotionVectors: 1
  m_LightProbeUsage: 1
  m_ReflectionProbeUsage: 1
  m_RayTracingMode: 2
  m_RenderingLayerMask: 1
  m_RendererPriority: 0
  m_Materials:
  - {fileID: 10303, guid: 0000000000000000f000000000000000, type: 0}
  m_StaticBatchInfo:
    firstSubMesh: 0
    subMeshCount: 0
  m_StaticBatchRoot: {fileID: 0}
  m_ProbeAnchor: {fileID: 0}
  m_LightProbeVolumeOverride: {fileID: 0}
  m_ScaleInLightmap: 1
  m_ReceiveGI: 1
  m_PreserveUVs: 1
  m_IgnoreNormalsForChartDetection: 0
  m_ImportantGI: 0
  m_StitchLightmapSeams: 1
  m_SelectedEditorRenderState: 3
  m_MinimumChartSize: 4
  m_AutoUVMaxDistance: 0.5
  m_AutoUVMaxAngle: 89
  m_LightmapParameters: {fileID: 0}
  m_SortingLayerID: 0
  m_SortingLayer: 0
  m_SortingOrder: 0
